@book{fdn,
  title = {Function Delivery Network: Extending Serverless Computing for Heterogeneous Platforms},
  publisher = {},
  year = {2020},
  author = {Jindal A. and M. Gerndt and M. Chadha and V. Podolskiy and P. Chen}
}

